@article{uchida2008Observationa,
  title = {Observation of the Spin Seebeck Effect},
  author = {Uchida, K. and Takahashi, S. and Harii, K. and Ieda, J. and Koshibae, W. and Ando, K. and Maekawa, S. and Saitoh, E.},
  year = {2008},
  month = oct,
  journal = {Nature},
  volume = {455},
  number = {7214},
  pages = {778--781},
  publisher = {Nature Publishing Group},
  issn = {1476-4687},
  doi = {10.1038/nature07321},
  url = {https://www.nature.com/articles/nature07321},
  urldate = {2025-03-28},
  copyright = {2008 Macmillan Publishers Limited. All rights reserved},
  langid = {english}
}

@article{knolle2019Field,
  title = {A Field Guide to Spin Liquids},
  author = {Knolle, J. and Moessner, R.},
  year = {2019},
  month = mar,
  journal = {Annual Review of Condensed Matter Physics},
  volume = {10},
  number = {Volume 10, 2019},
  pages = {451--472},
  publisher = {Annual Reviews},
  issn = {1947-5454, 1947-5462},
  doi = {10.1146/annurev-conmatphys-031218-013401},
  url = {https://www.annualreviews.org/content/journals/10.1146/annurev-conmatphys-031218-013401},
  urldate = {2024-07-11},
  langid = {english}
}

@article{rau2016SpinOrbit,
  title = {{Spin-Orbit Physics Giving Rise to Novel Phases in Correlated Systems: Iridates and Related Materials}},
  shorttitle = {Spin-Orbit Physics Giving Rise to Novel Phases in Correlated Systems},
  author = {Rau, Jeffrey G. and Lee, Eric Kin-Ho and Kee, Hae-Young},
  year = {2016},
  month = mar,
  journal = {Annual Review of Condensed Matter Physics},
  volume = {7},
  number = {1},
  pages = {195--221},
  issn = {1947-5454, 1947-5462},
  doi = {10.1146/annurev-conmatphys-031115-011319},
  url = {https://www.annualreviews.org/doi/10.1146/annurev-conmatphys-031115-011319},
  urldate = {2024-07-11},
  langid = {english}
}

@article{akbari2023Topological,
  title = {{Topological Paramagnetic Excitons of Localized f Electrons on the Honeycomb Lattice}},
  author = {Akbari, Alireza and Schmidt, Burkhard and Thalmeier, Peter},
  year = {2023},
  month = jul,
  journal = {Physical Review B},
  volume = {108},
  number = {4},
  pages = {045143},
  publisher = {American Physical Society},
  doi = {10.1103/PhysRevB.108.045143},
  url = {https://link.aps.org/doi/10.1103/PhysRevB.108.045143},
  urldate = {2024-07-11}
}

@article{mcclarty2017Topological,
  title = {{Topological Triplon Modes and Bound States in a Shastry--Sutherland Magnet}},
  author = {McClarty, P. A. and Kr{\"u}ger, F. and Guidi, T. and Parker, S. F. and Refson, K. and Parker, A. W. and Prabhakaran, D. and Coldea, R.},
  year = {2017},
  month = aug,
  journal = {Nature Physics},
  volume = {13},
  number = {8},
  pages = {736--741},
  publisher = {Nature Publishing Group},
  issn = {1745-2481},
  doi = {10.1038/nphys4117},
  url = {https://www.nature.com/articles/nphys4117},
  urldate = {2024-07-11},
  copyright = {2017 Springer Nature Limited},
  langid = {english}
}

@article{romhanyi2015Hall,
  title = {{Hall Effect of Triplons in a Dimerized Quantum Magnet}},
  author = {Romh{\'a}nyi, Judit and Penc, Karlo and Ganesh, R.},
  year = {2015},
  month = apr,
  journal = {Nature Communications},
  volume = {6},
  number = {1},
  pages = {6805},
  publisher = {Nature Publishing Group},
  issn = {2041-1723},
  doi = {10.1038/ncomms7805},
  url = {https://www.nature.com/articles/ncomms7805},
  urldate = {2024-07-11},
  copyright = {2015 Springer Nature Limited},
  langid = {english}
}

@article{zhang2024Thermal,
  title = {{Thermal Hall Effects in Quantum Magnets}},
  author = {Zhang, Xiao-Tian and Gao, Yong Hao and Chen, Gang},
  year = {2024},
  month = jun,
  journal = {Physics Reports},
  series = {Thermal Hall Effects in Quantum Magnets},
  volume = {1070},
  pages = {1--59},
  issn = {0370-1573},
  doi = {10.1016/j.physrep.2024.03.004},
  url = {https://www.sciencedirect.com/science/article/pii/S0370157324001194},
  urldate = {2024-07-11}
}

@article{onose2010Observation,
  title = {{Observation of the Magnon Hall Effect}},
  author = {Onose, Y. and Ideue, T. and Katsura, H. and Shiomi, Y. and Nagaosa, N. and Tokura, Y.},
  year = {2010},
  month = jul,
  journal = {Science},
  volume = {329},
  number = {5989},
  pages = {297--299},
  publisher = {American Association for the Advancement of Science},
  doi = {10.1126/science.1188260},
  url = {https://www.science.org/doi/10.1126/science.1188260},
  urldate = {2024-08-06}
}

@article{katsura2010theory,
  title ={ {Theory of the Thermal Hall Effect in Quantum Magnets}},
  author = {Katsura, Hosho and Nagaosa, Naoto and Lee, Patrick A.},
  journal = {Phys. Rev. Lett.},
  volume = {104},
  issue = {6},
  pages = {066403},
  numpages = {4},
  year = {2010},
  month = {Feb},
  publisher = {American Physical Society},
  doi = {10.1103/PhysRevLett.104.066403},
  url = {https://link.aps.org/doi/10.1103/PhysRevLett.104.066403}
}

@article{ni2019Absence,
  title = {{Absence of magnetic thermal conductivity in the quantum spin liquid candidate \ce{EtMe3Sb[Pd(dmit)2]2}}},
  author = {Ni, J. M. and Pan, B. L. and Song, B. Q. and Huang, Y. Y. and Zeng, J. Y. and Yu, Y. J. and Cheng, E. J. and Wang, L. S. and Dai, D. Z. and Kato, R. and Li, S. Y.},
  year = {2019},
  month = dec,
  journal = {Physical Review Letters},
  volume = {123},
  number = {24},
  pages = {247204},
  publisher = {American Physical Society},
  doi = {10.1103/PhysRevLett.123.247204},
  url = {https://link.aps.org/doi/10.1103/PhysRevLett.123.247204},
  urldate = {2024-08-06}
}

@article{bourgeois-hope2019Thermal,
  title = {Thermal Conductivity of the Quantum Spin Liquid Candidate \ce{EtMe3Sb[Pd(dmit)2]2}: No Evidence of Mobile Gapless Excitations},
  author = {{Bourgeois-Hope}, P. and Lalibert{\'e}, F. and Lefran{\c c}ois, E. and Grissonnanche, G. and {de Cotret}, S. Ren{\'e} and Gordon, R. and Kitou, S. and Sawa, H. and Cui, H. and Kato, R. and Taillefer, L. and {Doiron-Leyraud}, N.},
  year = {2019},
  month = dec,
  journal = {Physical Review X},
  volume = {9},
  number = {4},
  pages = {041051},
  publisher = {American Physical Society},
  doi = {10.1103/PhysRevX.9.041051},
  url = {https://link.aps.org/doi/10.1103/PhysRevX.9.041051},
  urldate = {2024-08-06}
}

@article{zhu2023Fluctuating,
  title = {Fluctuating Magnetic Droplets Immersed in a Sea of Quantum Spin Liquid},
  author = {Zhu, Zihao and Pan, Binglin and Nie, Linpeng and Ni, Jiamin and Yang, Yanxing and Chen, Changsheng and Jiang, Chengyu and Huang, Yeyu and Cheng, Erjian and Yu, Yunjie and Miao, Jianjian and Hillier, Adrian D. and Chen, Xianhui and Wu, Tao and Zhou, Yi and Li, Shiyan and Shu, Lei},
  year = {2023},
  month = sep,
  journal = {The Innovation},
  volume = {4},
  number = {5},
  pages = {100459},
  issn = {2666-6758},
  doi = {10.1016/j.xinn.2023.100459},
  url = {https://www.sciencedirect.com/science/article/pii/S2666675823000875},
  urldate = {2024-08-06}
}

@article{ma2024upper,
  title ={ {Upper-branch thermal Hall effect in quantum paramagnets}},
  author = {Ma, Bowen and Wang, Z. D. and Chen, Gang V.},
  journal = {Phys. Rev. Res.},
  volume = {6},
  issue = {2},
  pages = {023044},
  numpages = {11},
  year = {2024},
  month = {Apr},
  publisher = {American Physical Society},
  doi = {10.1103/PhysRevResearch.6.023044},
  url = {https://link.aps.org/doi/10.1103/PhysRevResearch.6.023044}
}

@article{boulanger2020Thermal,
  title = {{Thermal Hall Conductivity in the Cuprate Mott Insulators \ce{Nd2CuO4} and \ce{Sr2CuO2Cl2}}},
  author = {Boulanger, Marie-Eve and Grissonnanche, Ga{\"e}l and Badoux, Sven and Allaire, Andr{\'e}anne and Lefran{\c c}ois, {\'E}tienne and Legros, Ana{\"e}lle and Gourgout, Adrien and Dion, Maxime and Wang, C. H. and Chen, X. H. and Liang, R. and Hardy, W. N. and Bonn, D. A. and Taillefer, Louis},
  year = {2020},
  month = oct,
  journal = {Nature Communications},
  volume = {11},
  number = {1},
  pages = {5325},
  publisher = {Nature Publishing Group},
  issn = {2041-1723},
  doi = {10.1038/s41467-020-18881-z},
  url = {https://www.nature.com/articles/s41467-020-18881-z},
  urldate = {2024-07-11},
  copyright = {2020 The Author(s)},
  langid = {english}
}

@article{li2013Phononglasslike,
  title = {{Phonon-Glass-like Behavior of Magnetic Origin in Single-Crystal \ce{Tb2Ti2O7}}},
  author = {Li, Q. J. and Zhao, Z. Y. and Fan, C. and Zhang, F. B. and Zhou, H. D. and Zhao, X. and Sun, X. F.},
  year = {2013},
  month = jun,
  journal = {Physical Review B},
  volume = {87},
  number = {21},
  pages = {214408},
  publisher = {American Physical Society},
  doi = {10.1103/PhysRevB.87.214408},
  url = {https://link.aps.org/doi/10.1103/PhysRevB.87.214408},
  urldate = {2024-07-11}
}

@article{tokiwa2016Possible,
  title = {{Possible Observation of Highly Itinerant Quantum Magnetic Monopoles in the Frustrated Pyrochlore \ce{Yb2Ti2O7}}},
  author = {Tokiwa, Y. and Yamashita, T. and Udagawa, M. and Kittaka, S. and Sakakibara, T. and Terazawa, D. and Shimoyama, Y. and Terashima, T. and Yasui, Y. and Shibauchi, T. and Matsuda, Y.},
  year = {2016},
  month = feb,
  journal = {Nature Communications},
  volume = {7},
  number = {1},
  pages = {10807},
  publisher = {Nature Publishing Group},
  issn = {2041-1723},
  doi = {10.1038/ncomms10807},
  url = {https://www.nature.com/articles/ncomms10807},
  urldate = {2024-07-11},
  copyright = {2016 The Author(s)},
  langid = {english}
}

@article{akazawa2020Thermal,
  title = {{Thermal Hall Effects of Spins and Phonons in Kagome Antiferromagnet Cd-Kapellasite}},
  author = {Akazawa, Masatoshi and Shimozawa, Masaaki and Kittaka, Shunichiro and Sakakibara, Toshiro and Okuma, Ryutaro and Hiroi, Zenji and Lee, Hyun-Yong and Kawashima, Naoki and Han, Jung Hoon and Yamashita, Minoru},
  year = {2020},
  month = dec,
  journal = {Physical Review X},
  volume = {10},
  number = {4},
  pages = {041059},
  publisher = {American Physical Society},
  doi = {10.1103/PhysRevX.10.041059},
  url = {https://link.aps.org/doi/10.1103/PhysRevX.10.041059},
  urldate = {2024-07-11}
}

@article{zutic2004Spintronics,
  title = {{Spintronics: Fundamentals and Applications}},
  shorttitle = {Spintronics},
  author = {Žutić, Igor and Fabian, Jaroslav and Das Sarma, S.},
  year = {2004},
  journal = {Reviews of Modern Physics},
  shortjournal = {Rev. Mod. Phys.},
  volume = {76},
  number = {2},
  pages = {323--410},
  publisher = {American Physical Society},
  doi = {10.1103/RevModPhys.76.323},
  url = {https://link.aps.org/doi/10.1103/RevModPhys.76.323},
  urldate = {2024-07-08}
}

@article{hoffmann2015Opportunities,
  title = {{Opportunities at the Frontiers of Spintronics}},
  author = {Hoffmann, Axel and Bader, Sam D.},
  year = {2015},
  journal = {Physical Review Applied},
  shortjournal = {Phys. Rev. Appl.},
  volume = {4},
  number = {4},
  pages = {047001},
  publisher = {American Physical Society},
  doi = {10.1103/PhysRevApplied.4.047001},
  url = {https://link.aps.org/doi/10.1103/PhysRevApplied.4.047001},
  urldate = {2024-07-08}
}

@article{barker2021Review,
  title = {{A Review of Modelling in Ferrimagnetic Spintronics}},
  author = {Barker, Joseph and Atxitia, Unai},
  year = {2021},
  month = aug,
  journal = {Journal of the Physical Society of Japan},
  volume = {90},
  number = {8},
  eprint = {2102.11004},
  primaryclass = {cond-mat},
  pages = {081001},
  issn = {0031-9015, 1347-4073},
  doi = {10.7566/JPSJ.90.081001},
  url = {http://arxiv.org/abs/2102.11004},
  urldate = {2024-08-06},
  archiveprefix = {arXiv}
}

@article{elahi2022Review,
  title ={ {A Review on Two-Dimensional (2D) Magnetic Materials and Their Potential Applications in Spintronics and Spin-Caloritronic}},
  author = {Elahi, Ehsan and Dastgeer, Ghulam and Nazir, Ghazanfar and Nisar, Sobia and Bashir, Mudasar and Akhter Qureshi, Haroon and Kim, Deok-kee and Aziz, Jamal and Aslam, Muhammad and Hussain, Kashif and Assiri, Mohammed A. and Imran, Muhammad},
  year = {2022},
  month = oct,
  journal = {Computational Materials Science},
  volume = {213},
  pages = {111670},
  issn = {0927-0256},
  doi = {10.1016/j.commatsci.2022.111670},
  url = {https://www.sciencedirect.com/science/article/pii/S0927025622004013},
  urldate = {2024-08-06}
}

@article{nakayama2021Aboveroomtemperature,
  title = {{Above-Room-Temperature Giant Thermal Conductivity Switching in Spintronic Multilayers}},
  author = {Nakayama, Hiroyasu and Xu, Bin and Iwamoto, Sotaro and Yamamoto, Kaoru and Iguchi, Ryo and Miura, Asuka and Hirai, Takamasa and Miura, Yoshio and Sakuraba, Yuya and Shiomi, Junichiro and Uchida, Ken-ichi},
  year = {2021},
  month = jan,
  journal = {Applied Physics Letters},
  volume = {118},
  number = {4},
  pages = {042409},
  issn = {0003-6951},
  doi = {10.1063/5.0032531},
  url = {https://doi.org/10.1063/5.0032531},
  urldate = {2024-08-06}
}

@article{back2019Special,
  title = {{Special Issue on Spin Caloritronics}},
  author = {Back, Christian H. and Bauer, Gerrit E. W. and Zink, Barry L.},
  year = {2019},
  month = mar,
  journal = {Journal of Physics D: Applied Physics},
  volume = {52},
  number = {23},
  pages = {230301},
  publisher = {IOP Publishing},
  issn = {0022-3727},
  doi = {10.1088/1361-6463/ab070a},
  url = {https://dx.doi.org/10.1088/1361-6463/ab070a},
  urldate = {2024-08-06},
  langid = {english}
}

@article{uchida2021Spintronica,
  title = {{Spintronic Thermal Management}},
  author = {Uchida, Ken-ichi and Iguchi, Ryo},
  year = {2021},
  month = dec,
  journal = {Journal of the Physical Society of Japan},
  volume = {90},
  number = {12},
  pages = {122001},
  publisher = {The Physical Society of Japan},
  issn = {0031-9015},
  doi = {10.7566/JPSJ.90.122001},
  url = {https://journals.jps.jp/doi/10.7566/JPSJ.90.122001},
  urldate = {2024-08-06}
}

@article{flipse2012Direct,
  title = {{Direct Observation of the Spin-Dependent Peltier Effect}},
  author = {Flipse, J. and Bakker, F. L. and Slachter, A. and Dejene, F. K. and {van Wees}, B. J.},
  year = {2012},
  month = mar,
  journal = {Nature Nanotechnology},
  volume = {7},
  number = {3},
  pages = {166--168},
  publisher = {Nature Publishing Group},
  issn = {1748-3395},
  doi = {10.1038/nnano.2012.2},
  url = {https://www.nature.com/articles/nnano.2012.2},
  urldate = {2024-08-06},
  copyright = {2012 Springer Nature Limited},
  langid = {english}
}

@article{bakker2010Interplay,
  title = {{Interplay of Peltier and Seebeck Effects in Nanoscale Nonlocal Spin Valves}},
  author = {Bakker, F. L. and Slachter, A. and Adam, J.-P. and {van Wees}, B. J.},
  year = {2010},
  month = sep,
  journal = {Physical Review Letters},
  volume = {105},
  number = {13},
  eprint = {1004.0118},
  primaryclass = {cond-mat},
  pages = {136601},
  issn = {0031-9007, 1079-7114},
  doi = {10.1103/PhysRevLett.105.136601},
  url = {http://arxiv.org/abs/1004.0118},
  urldate = {2024-08-06},
  archiveprefix = {arXiv}
}

@book{maekawa2017spin,
  title = {Spin Current},
  author = {Maekawa, S. and Valenzuela, S.O. and Saitoh, E. and Kimura, T.},
  year = {2017},
  series = {Oxford Science Publications},
  publisher = {Oxford University Press},
  url = {https://books.google.com/books?id=iZ83DwAAQBAJ},
  isbn = {978-0-19-878707-5},
  lccn = {2017943723}
}

@article{bhardwaj2018Spin,
  title ={ {Spin Seebeck Effect and Thermal Spin Galvanic Effect in \ce{Ni80Fe20}/p-\ce{Si} Bilayers}},
  author = {Bhardwaj, Ravindra G. and Lou, Paul C. and Kumar, Sandeep},
  year = {2018},
  month = jan,
  journal = {Applied Physics Letters},
  volume = {112},
  number = {4},
  pages = {042404},
  issn = {0003-6951},
  doi = {10.1063/1.5003008},
  url = {https://doi.org/10.1063/1.5003008},
  urldate = {2024-08-06}
}

@article{adachi2013Theory,
  title ={ {Theory of the Spin Seebeck Effect}},
  author = {Adachi, Hiroto and Uchida, Ken-ichi and Saitoh, Eiji and Maekawa, Sadamichi},
  year = {2013},
  month = feb,
  journal = {Reports on Progress in Physics},
  volume = {76},
  number = {3},
  pages = {036501},
  publisher = {IOP Publishing},
  issn = {0034-4885},
  doi = {10.1088/0034-4885/76/3/036501},
  url = {https://dx.doi.org/10.1088/0034-4885/76/3/036501},
  urldate = {2024-08-06},
  langid = {english}
}

@article{uchida2016Thermoelectric,
  title = {{Thermoelectric Generation Based on Spin Seebeck Effects}},
  author = {Uchida, Ken-ichi and Adachi, Hiroto and Kikkawa, Takashi and Kirihara, Akihiro and Ishida, Masahiko and Yorozu, Shinichi and Maekawa, Sadamichi and Saitoh, Eiji},
  year = {2016},
  month = oct,
  journal = {Proceedings of the IEEE},
  volume = {104},
  number = {10},
  pages = {1946--1973},
  issn = {1558-2256},
  doi = {10.1109/JPROC.2016.2535167},
  url = {https://ieeexplore.ieee.org/abstract/document/7452553},
  urldate = {2024-08-06}
}

@article{ma2020longitudinal,
  title = {{Longitudinal spin Seebeck effect in pyrochlore iridates with bulk and interfacial Dzyaloshinskii-Moriya interaction}},
  author = {Ma, Bowen and Flebus, Benedetta and Fiete, Gregory A.},
  journal = {Phys. Rev. B},
  volume = {101},
  issue = {3},
  pages = {035104},
  numpages = {9},
  year = {2020},
  month = {Jan},
  publisher = {American Physical Society},
  doi = {10.1103/PhysRevB.101.035104},
  url = {https://link.aps.org/doi/10.1103/PhysRevB.101.035104}
}

@article{armitage2018Weyl,
  title ={ {Weyl and Dirac Semimetals in Three-Dimensional Solids}},
  author = {Armitage, N. P. and Mele, E. J. and Vishwanath, Ashvin},
  year = {2018},
  journal = {Reviews of Modern Physics},
  shortjournal = {Rev. Mod. Phys.},
  volume = {90},
  number = {1},
  pages = {015001},
  publisher = {American Physical Society},
  doi = {10.1103/RevModPhys.90.015001},
  url = {https://link.aps.org/doi/10.1103/RevModPhys.90.015001},
  urldate = {2024-07-09}
}

@article{tokura2019Magnetic,
  title ={ {Magnetic Topological Insulators}},
  author = {Tokura, Yoshinori and Yasuda, Kenji and Tsukazaki, Atsushi},
  year = {2019},
  journal = {Nature Reviews Physics},
  shortjournal = {Nat Rev Phys},
  volume = {1},
  number = {2},
  pages = {126--143},
  publisher = {Nature Publishing Group},
  issn = {2522-5820},
  doi = {10.1038/s42254-018-0011-5},
  url = {https://www.nature.com/articles/s42254-018-0011-5},
  urldate = {2024-07-09},
  langid = {english}
}

@article{zyuzin2016Magnon,
  title ={ {Magnon Spin Nernst Effect in Antiferromagnets}},
  author = {Zyuzin, Vladimir A. and Kovalev, Alexey A.},
  year = {2016},
  month = nov,
  journal = {Physical Review Letters},
  volume = {117},
  number = {21},
  pages = {217203},
  publisher = {American Physical Society},
  doi = {10.1103/PhysRevLett.117.217203},
  url = {https://link.aps.org/doi/10.1103/PhysRevLett.117.217203},
  urldate = {2024-08-06}
}

@article{cheng2016Spin,
  title ={ {Spin Nernst Effect of Magnons in Collinear Antiferromagnets}},
  author = {Cheng, Ran and Okamoto, Satoshi and Xiao, Di},
  year = {2016},
  month = nov,
  journal = {Physical Review Letters},
  volume = {117},
  number = {21},
  pages = {217202},
  publisher = {American Physical Society},
  doi = {10.1103/PhysRevLett.117.217202},
  url = {https://link.aps.org/doi/10.1103/PhysRevLett.117.217202},
  urldate = {2024-08-06}
}

@article{shiomi2017Experimental,
  title = {{Experimental Evidence Consistent with a Magnon Nernst Effect in the Antiferromagnetic Insulator \ce{MnPS3}}},
  author = {Shiomi, Y. and Takashima, R. and Saitoh, E.},
  year = {2017},
  month = oct,
  journal = {Physical Review B},
  volume = {96},
  number = {13},
  pages = {134425},
  publisher = {American Physical Society},
  doi = {10.1103/PhysRevB.96.134425},
  url = {https://link.aps.org/doi/10.1103/PhysRevB.96.134425},
  urldate = {2024-08-06}
}


@article{sheng2017Spin,
  title = {{The Spin Nernst Effect in Tungsten}},
  author = {Sheng, Peng and Sakuraba, Yuya and Lau, Yong-Chang and Takahashi, Saburo and Mitani, Seiji and Hayashi, Masamitsu},
  year = {2017},
  month = nov,
  journal = {Science Advances},
  volume = {3},
  number = {11},
  pages = {e1701503},
  issn = {2375-2548},
  doi = {10.1126/sciadv.1701503},
  url = {https://www.ncbi.nlm.nih.gov/pmc/articles/PMC5669613/},
  urldate = {2024-08-06},
  pmcid = {PMC5669613},
  pmid = {29119140}
}

@article{ma2021Intrinsic,
  title ={ {Intrinsic Magnon Nernst Effect in Pyrochlore Iridate Thin Films}},
  author = {Ma, Bowen and Fiete, Gregory A.},
  year = {2021},
  month = nov,
  journal = {Physical Review B},
  volume = {104},
  number = {17},
  pages = {174410},
  publisher = {American Physical Society},
  doi = {10.1103/PhysRevB.104.174410},
  url = {https://link.aps.org/doi/10.1103/PhysRevB.104.174410},
  urldate = {2024-08-13}
}

@article{zhang2022Perspective,
  title = {{A Perspective on Magnon Spin Nernst Effect in Antiferromagnets}},
  author = {Zhang, Hantao and Cheng, Ran},
  year = {2022},
  month = mar,
  journal = {Applied Physics Letters},
  volume = {120},
  number = {9},
  pages = {090502},
  issn = {0003-6951},
  doi = {10.1063/5.0084359},
  url = {https://doi.org/10.1063/5.0084359},
  urldate = {2024-08-06}
}

@article{huang2017Layerdependent,
  title = {{Layer-Dependent Ferromagnetism in a van Der Waals Crystal down to the Monolayer Limit}},
  author = {Huang, Bevin and Clark, Genevieve and {Navarro-Moratalla}, Efr{\'e}n and Klein, Dahlia R. and Cheng, Ran and Seyler, Kyle L. and Zhong, Ding and Schmidgall, Emma and McGuire, Michael A. and Cobden, David H. and Yao, Wang and Xiao, Di and {Jarillo-Herrero}, Pablo and Xu, Xiaodong},
  year = {2017},
  month = jun,
  journal = {Nature},
  volume = {546},
  number = {7657},
  pages = {270--273},
  publisher = {Nature Publishing Group},
  issn = {1476-4687},
  doi = {10.1038/nature22391},
  url = {https://www.nature.com/articles/nature22391},
  urldate = {2024-08-06},
  copyright = {2017 Macmillan Publishers Limited, part of Springer Nature. All rights reserved.},
  langid = {english}
}

@article{hirschberger2015Thermal,
  title = {Thermal Hall Conductivity in the Frustrated Pyrochlore Magnet \Ce{Tb2Ti2O7}},
  author = {Hirschberger, Max and Krizan, Jason W. and Cava, R. J. and Ong, N. P.},
  year = {2015},
  month = apr,
  journal = {Science},
  volume = {348},
  number = {6230},
  eprint = {1502.02006},
  primaryclass = {cond-mat},
  pages = {106--109},
  issn = {0036-8075, 1095-9203},
  doi = {10.1126/science.1257340},
  url = {http://arxiv.org/abs/1502.02006},
  urldate = {2024-08-06},
  archiveprefix = {arXiv}
}

@article{babkevich2015Neutrona,
  title = {Neutron Spectroscopic Study of Crystal-Field Excitations and the Effect of the Crystal Field on Dipolar Magnetism in \Ce{LiRF4} (\Ce{R}=\Ce{Gd}, \Ce{Ho}, \Ce{Er}, \Ce{Tm}, and \Ce{Yb})},
  author = {Babkevich, P. and Finco, A. and Jeong, M. and Dalla Piazza, B. and Kovacevic, I. and Klughertz, G. and Kr{\"a}mer, K. W. and Kraemer, C. and Adroja, D. T. and Goremychkin, E. and Unruh, T. and Str{\"a}ssle, T. and Di Lieto, A. and Jensen, J. and R{\o}nnow, H. M.},
  year = {2015},
  month = oct,
  journal = {Physical Review B},
  volume = {92},
  number = {14},
  pages = {144422},
  publisher = {American Physical Society},
  doi = {10.1103/PhysRevB.92.144422}
 }

@article{thalmeier2024Induced,
  title = {{Induced Quantum Magnetism in Crystalline Electric Field Singlet Ground State Models: Thermodynamics and Excitations}},
  shorttitle = {Induced Quantum Magnetism in Crystalline Electric Field Singlet Ground State Models},
  author = {Thalmeier, Peter and Akbari, Alireza},
  year = {2024},
  month = mar,
  journal = {Physical Review B},
  volume = {109},
  number = {11},
  pages = {115110},
  publisher = {American Physical Society},
  doi = {10.1103/PhysRevB.109.115110},
  url = {https://link.aps.org/doi/10.1103/PhysRevB.109.115110},
  urldate = {2024-08-06}
}

@book{kittel2018introduction,
  title={Introduction to solid state physics},
  author={Kittel, Charles and McEuen, Paul},
  year={2018},
  publisher={John Wiley \& Sons}
}

@article{joshi1999elementary,
  title = {Elementary excitations in magnetically ordered systems with orbital degeneracy},
  author = {Joshi, A. and Ma, M. and Mila, F. and Shi, D. N. and Zhang, F. C.},
  journal = {Phys. Rev. B},
  volume = {60},
  issue = {9},
  pages = {6584--6587},
  numpages = {0},
  year = {1999},
  month = {Sep},
  publisher = {American Physical Society},
  doi = {10.1103/PhysRevB.60.6584},
  url = {https://link.aps.org/doi/10.1103/PhysRevB.60.6584}
}

@article{li19984,
  title = {{SU(4) Theory for Spin Systems with Orbital Degeneracy}},
  author = {Li, Y. Q. and Ma, Michael and Shi, D. N. and Zhang, F. C.},
  journal = {Phys. Rev. Lett.},
  volume = {81},
  issue = {16},
  pages = {3527--3530},
  numpages = {0},
  year = {1998},
  month = {Oct},
  publisher = {American Physical Society},
  doi = {10.1103/PhysRevLett.81.3527},
  url = {https://link.aps.org/doi/10.1103/PhysRevLett.81.3527}
}

@article{li2018competing,
  title = {Competing phases and topological excitations of spin-1 pyrochlore antiferromagnets},
  author = {Li, Fei-Ye and Chen, Gang},
  journal = {Phys. Rev. B},
  volume = {98},
  issue = {4},
  pages = {045109},
  numpages = {17},
  year = {2018},
  month = {Jul},
  publisher = {American Physical Society},
  doi = {10.1103/PhysRevB.98.045109},
  url = {https://link.aps.org/doi/10.1103/PhysRevB.98.045109}
}

@article{chen2010exotic,
  title = {Exotic phases induced by strong spin-orbit coupling in ordered double perovskites},
  author = {Chen, Gang and Pereira, Rodrigo and Balents, Leon},
  journal = {Phys. Rev. B},
  volume = {82},
  issue = {17},
  pages = {174440},
  numpages = {25},
  year = {2010},
  month = {Nov},
  publisher = {American Physical Society},
  doi = {10.1103/PhysRevB.82.174440},
  url = {https://link.aps.org/doi/10.1103/PhysRevB.82.174440}
}

@article{kugel1982jahn,
  title={The Jahn-Teller effect and magnetism: transition metal compounds},
  author={Kugel, Kliment I and Khomskii, DI},
  journal={Soviet Physics Uspekhi},
  volume={25},
  number={4},
  pages={231},
  year={1982},
  publisher={IOP Publishing},
  doi = {10.1070/PU1982v025n04ABEH004537},
  url = {https://iopscience.iop.org/article/10.1070/PU1982v025n04ABEH004537}
}

@article{kasahara2018Majorana,
  title = {Majorana Quantization and Half-Integer Thermal Quantum Hall Effect in a Kitaev Spin Liquid},
  author = {Kasahara, Y. and Ohnishi, T. and Mizukami, Y. and Tanaka, O. and Ma, Sixiao and Sugii, K. and Kurita, N. and Tanaka, H. and Nasu, J. and Motome, Y. and Shibauchi, T. and Matsuda, Y.},
  year = {2018},
  month = jul,
  journal = {Nature},
  volume = {559},
  number = {7713},
  pages = {227--231},
  publisher = {Nature Publishing Group},
  issn = {1476-4687},
  doi = {10.1038/s41586-018-0274-0},
  url = {https://www.nature.com/articles/s41586-018-0274-0},
  urldate = {2025-03-28},
  copyright = {2018 Macmillan Publishers Ltd., part of Springer Nature},
  langid = {english}
}

@article{pesin2010mott,
  title={{Mott physics and band topology in materials with strong spin--orbit interaction}},
  author={Pesin, Dmytro and Balents, Leon},
  journal={Nature Physics},
  volume={6},
  number={5},
  pages={376--381},
  year={2010},
  publisher={Nature Publishing Group UK London},
  doi = {10.1038/nphys1606 },
  url = {https://www.nature.com/articles/nphys1606}
}

@article{dzyaloshinsky1958thermodynamic,
  title={A thermodynamic theory of “weak” ferromagnetism of antiferromagnetics},
  author={Dzyaloshinsky, Igor},
  journal={Journal of physics and chemistry of solids},
  volume={4},
  number={4},
  pages={241--255},
  year={1958},
  publisher={Elsevier},
  url = {https://www.sciencedirect.com/science/article/pii/0022369758900763}
}

@article{dun2016magnetic,
  title = {{Magnetic Ground States of the Rare-Earth Tripod Kagome Lattice} \Ce{Mg2RE3Sb3O14} (\Ce{RE}=\Ce{Gd}, \Ce{Dy}, \Ce{Er})},
  author = {Dun, Z. L. and Trinh, J. and Li, K. and Lee, M. and Chen, K. W. and Baumbach, R. and Hu, Y. F. and Wang, Y. X. and Choi, E. S. and Shastry, B. S. and Ramirez, A. P. and Zhou, H. D.},
  journal = {Phys. Rev. Lett.},
  volume = {116},
  issue = {15},
  pages = {157201},
  numpages = {5},
  year = {2016},
  month = {Apr},
  publisher = {American Physical Society},
  doi = {10.1103/PhysRevLett.116.157201},
  url = {https://link.aps.org/doi/10.1103/PhysRevLett.116.157201}
}

@article{dun2020quantum,
  title ={ {Quantum Versus Classical Spin Fragmentation in Dipolar Kagome Ice} \Ce{Ho3Mg2Sb3O14}},
  author = {Dun, Zhiling and Bai, Xiaojian and Paddison, Joseph A. M. and Hollingworth, Emily and Butch, Nicholas P. and Cruz, Clarina D. and Stone, Matthew B. and Hong, Tao and Demmel, Franz and Mourigal, Martin and Zhou, Haidong},
  journal = {Phys. Rev. X},
  volume = {10},
  issue = {3},
  pages = {031069},
  numpages = {23},
  year = {2020},
  month = {Sep},
  publisher = {American Physical Society},
  doi = {10.1103/PhysRevX.10.031069},
  url = {https://link.aps.org/doi/10.1103/PhysRevX.10.031069}
}

@article{holstein1940field,
  title = {{Field Dependence of the Intrinsic Domain Magnetization of a Ferromagnet}},
  author = {Holstein, T. and Primakoff, H.},
  journal = {Phys. Rev.},
  volume = {58},
  issue = {12},
  pages = {1098--1113},
  numpages = {0},
  year = {1940},
  month = {Dec},
  publisher = {American Physical Society},
  doi = {10.1103/PhysRev.58.1098},
  url = {https://link.aps.org/doi/10.1103/PhysRev.58.1098}
}

@article{kim2017linear,
  title = {{Linear flavor-wave theory for fully antisymmetric SU($N$) irreducible representations}},
  author = {Kim, Francisco H. and Penc, Karlo and Nataf, Pierre and Mila, Fr\'ed\'eric},
  journal = {Phys. Rev. B},
  volume = {96},
  issue = {20},
  pages = {205142},
  numpages = {11},
  year = {2017},
  month = {Nov},
  publisher = {American Physical Society},
  doi = {10.1103/PhysRevB.96.205142},
  url = {https://link.aps.org/doi/10.1103/PhysRevB.96.205142}
}

@article{del2004quantum,
  title={{Quantum spin fluctuations in the dipolar Heisenberg-like rare earth pyrochlores}},
  author={Del Maestro, Adrian G and Gingras, Michel JP},
  journal={Journal of Physics: Condensed Matter},
  volume={16},
  number={20},
  pages={3339},
  year={2004},
  publisher={IOP Publishing},
  url = {https://iopscience.iop.org/article/10.1088/0953-8984/16/20/005}
}

@article{xiao2010berry,
  title = {{Berry phase effects on electronic properties}},
  author = {Xiao, Di and Chang, Ming-Che and Niu, Qian},
  journal = {Rev. Mod. Phys.},
  volume = {82},
  issue = {3},
  pages = {1959--2007},
  numpages = {0},
  year = {2010},
  month = {Jul},
  publisher = {American Physical Society},
  doi = {10.1103/RevModPhys.82.1959},
  url = {https://link.aps.org/doi/10.1103/RevModPhys.82.1959}
}

@article{kane2005quantum,
  title = {{Quantum Spin Hall Effect in Graphene}},
  author = {Kane, C. L. and Mele, E. J.},
  journal = {Phys. Rev. Lett.},
  volume = {95},
  issue = {22},
  pages = {226801},
  numpages = {4},
  year = {2005},
  month = {Nov},
  publisher = {American Physical Society},
  doi = {10.1103/PhysRevLett.95.226801},
  url = {https://link.aps.org/doi/10.1103/PhysRevLett.95.226801}
}

@article{matsumoto2011theoretical,
  title = {{Theoretical Prediction of a Rotating Magnon Wave Packet in Ferromagnets}},
  author = {Matsumoto, Ryo and Murakami, Shuichi},
  journal = {Phys. Rev. Lett.},
  volume = {106},
  issue = {19},
  pages = {197202},
  numpages = {4},
  year = {2011},
  month = {May},
  publisher = {American Physical Society},
  doi = {10.1103/PhysRevLett.106.197202},
  url = {https://link.aps.org/doi/10.1103/PhysRevLett.106.197202}
}

@article{matsumoto2011rotational,
  title = {{Rotational motion of magnons and the thermal Hall effect}},
  author = {Matsumoto, Ryo and Murakami, Shuichi},
  journal = {Phys. Rev. B},
  volume = {84},
  issue = {18},
  pages = {184406},
  numpages = {9},
  year = {2011},
  month = {Nov},
  publisher = {American Physical Society},
  doi = {10.1103/PhysRevB.84.184406},
  url = {https://link.aps.org/doi/10.1103/PhysRevB.84.184406}
}

@article{li2020intrinsic,
  title = {Intrinsic spin Nernst effect of magnons in a noncollinear antiferromagnet},
  author = {Li, Bo and Sandhoefner, Shane and Kovalev, Alexey A.},
  journal = {Phys. Rev. Res.},
  volume = {2},
  issue = {1},
  pages = {013079},
  numpages = {10},
  year = {2020},
  month = {Jan},
  publisher = {American Physical Society},
  doi = {10.1103/PhysRevResearch.2.013079},
  url = {https://link.aps.org/doi/10.1103/PhysRevResearch.2.013079}
}

@article{welch2022MagneticStructure,
  title = {{Magnetic Structure and Exchange Interactions in the Heisenberg Pyrochlore Antiferromagnet} \Ce{Gd2Pt2O7}},
  author = {Welch, Philip G. and Paddison, Joseph A. M. and Le, Manh Duc and Gardner, Jason S. and Chen, Wei-Tin and Wildes, Andrew R. and Goodwin, Andrew L. and Stewart, J. Ross},
  year = {2022},
  month = mar,
  journal = {Physical Review B},
  volume = {105},
  number = {9},
  pages = {094402},
  publisher = {American Physical Society},
  doi = {10.1103/PhysRevB.105.094402},
  url = {https://link.aps.org/doi/10.1103/PhysRevB.105.094402},
  urldate = {2024-07-03}
}

@article{kancko2023StructuralSpinglass,
  title ={ {Structural and Spin-Glass Properties of Single Crystal J$_\text{eff}$= $\frac{1}{2}$ Pyrochlore Antiferromagnet} \Ce{NaCdCo2F7}: {Correlating T$_f$ with Magnetic-Bond-Disorder}},
  author = {Kancko, A and Giester, G and Colman, R H},
  year = {2023},
  month = jul,
  journal = {Physica Scripta},
  volume = {98},
  number = {7},
  pages = {075947},
  issn = {0031-8949, 1402-4896},
  doi = {10.1088/1402-4896/acdeb7},
  url = {https://iopscience.iop.org/article/10.1088/1402-4896/acdeb7},
  urldate = {2024-07-03},
  langid = {english}
}

@article{he2021NeutronScattering,
  title = {{Neutron Scattering Studies of the Breathing Pyrochlore Antiferromagnet} \Ce{LiGaCr4O8}},
  author = {He, Zheng and Gu, Yiqing and Wo, Hongliang and Feng, Yu and Hu, Die and Hao, Yiqing and Gu, Yimeng and Walker, Helen C. and Adroja, Devashibhai T. and Zhao, Jun},
  year = {2021},
  month = sep,
  journal = {Physical Review Letters},
  volume = {127},
  number = {14},
  pages = {147205},
  publisher = {American Physical Society},
  doi = {10.1103/PhysRevLett.127.147205},
  url = {https://link.aps.org/doi/10.1103/PhysRevLett.127.147205},
  urldate = {2024-07-03}
}

@misc{liu2024chiralspinliquidlikestatepyrochlore,
      title={{Chiral Spin-Liquid-Like State in Pyrochlore Iridate Thin Films}}, 
      author={Xiaoran Liu and Jong-Woo Kim and Yao Wang and Michael Terilli and Xun Jia and Mikhail Kareev and Shiyu Peng and Fangdi Wen and Tsung-Chi Wu and Huyongqing Chen and Wanzheng Hu and Mary H. Upton and Jungho Kim and Yongseong Choi and Daniel Haskel and Hongming Weng and Philip J. Ryan and Yue Cao and Yang Qi and Jiandong Guo and Jak Chakhalian},
      year={2024},
      eprint={2403.06170},
      archivePrefix={arXiv},
      primaryClass={cond-mat.str-el},
      url={https://arxiv.org/abs/2403.06170}, 
}

@article{fujita2016AllinalloutMagnetic,
  title = {{All-in-All-out Magnetic Domain Wall Conduction in a Pyrochlore Iridate Heterointerface}},
  author = {Fujita, T. C. and Uchida, M. and Kozuka, Y. and Sano, W. and Tsukazaki, A. and Arima, T. and Kawasaki, M.},
  year = {2016},
  month = feb,
  journal = {Physical Review B},
  volume = {93},
  number = {6},
  pages = {064419},
  publisher = {American Physical Society},
  doi = {10.1103/PhysRevB.93.064419},
  url = {https://link.aps.org/doi/10.1103/PhysRevB.93.064419},
  urldate = {2024-07-02}
}

@article{kim2019InoperandoSpectroscopic,
  title = {In-Operando Spectroscopic Ellipsometry Studies of \Ce{IrO2} Dynamic Instabilities: Guide to in-Situ Growth of Pyrochlore Iridate Thin Films},
  author = {Kim, Woo Jin and Ko, Eun Kyo and Kim, So Yeun and Kim, Bongju and Noh, Tae Won},
  year = {2019},
  month = apr,
  journal = {Current Applied Physics},
  volume = {19},
  number = {4},
  pages = {400--405},
  issn = {15671739},
  doi = {10.1016/j.cap.2019.01.007},
  url = {https://linkinghub.elsevier.com/retrieve/pii/S1567173919300070},
  urldate = {2024-07-02},
  langid = {english}
}

@article{kim2020StrainEngineeringMagnetic,
  title = {{Strain Engineering of the Magnetic Multipole Moments and Anomalous Hall Effect in Pyrochlore Iridate Thin Films}},
  author = {Kim, Woo Jin and Oh, Taekoo and Song, Jeongkeun and Ko, Eun Kyo and Li, Yangyang and Mun, Junsik and Kim, Bongju and Son, Jaeseok and Yang, Zhuo and Kohama, Yoshimitsu and Kim, sMiyoung and Yang, Bohm-Jung and Noh, Tae Won},
  year = {2020},
  month = jul,
  journal = {Science Advances},
  volume = {6},
  number = {29},
  pages = {eabb1539},
  publisher = {American Association for the Advancement of Science},
  doi = {10.1126/sciadv.abb1539},
  url = {https://www.science.org/doi/10.1126/sciadv.abb1539},
  urldate = {2024-07-02}
}

@article{hu2012topological,
  title = {Topological phases in layered pyrochlore oxide thin films along the [111] direction},
  author = {Hu, Xiang and R\"uegg, Andreas and Fiete, Gregory A.},
  journal = {Phys. Rev. B},
  volume = {86},
  issue = {23},
  pages = {235141},
  numpages = {11},
  year = {2012},
  month = {Dec},
  publisher = {American Physical Society},
  doi = {10.1103/PhysRevB.86.235141},
  url = {https://link.aps.org/doi/10.1103/PhysRevB.86.235141}
}

@article{laurell2017topological,
  title ={ {Topological Magnon Bands and Unconventional Superconductivity in Pyrochlore Iridate Thin Films}},
  author = {Laurell, Pontus and Fiete, Gregory A.},
  journal = {Phys. Rev. Lett.},
  volume = {118},
  issue = {17},
  pages = {177201},
  numpages = {7},
  year = {2017},
  month = {Apr},
  publisher = {American Physical Society},
  doi = {10.1103/PhysRevLett.118.177201},
  url = {https://link.aps.org/doi/10.1103/PhysRevLett.118.177201}
}

@article{ross2011quantum,
  title = {{Quantum Excitations in Quantum Spin Ice}},
  author = {Ross, Kate A. and Savary, Lucile and Gaulin, Bruce D. and Balents, Leon},
  journal = {Phys. Rev. X},
  volume = {1},
  issue = {2},
  pages = {021002},
  numpages = {10},
  year = {2011},
  month = {Oct},
  publisher = {American Physical Society},
  doi = {10.1103/PhysRevX.1.021002},
  url = {https://link.aps.org/doi/10.1103/PhysRevX.1.021002}
}

@article{suzuki2017cluster,
  title = {{Cluster multipole theory for anomalous Hall effect in antiferromagnets}},
  author = {Suzuki, M.-T. and Koretsune, T. and Ochi, M. and Arita, R.},
  journal = {Phys. Rev. B},
  volume = {95},
  issue = {9},
  pages = {094406},
  numpages = {11},
  year = {2017},
  month = {Mar},
  publisher = {American Physical Society},
  doi = {10.1103/PhysRevB.95.094406},
  url = {https://link.aps.org/doi/10.1103/PhysRevB.95.094406}
}

@article{mook2019thermal,
  title ={ {Thermal Hall effect in noncollinear coplanar insulating antiferromagnets}},
  author = {Mook, Alexander and Henk, J\"urgen and Mertig, Ingrid},
  journal = {Phys. Rev. B},
  volume = {99},
  issue = {1},
  pages = {014427},
  numpages = {8},
  year = {2019},
  month = {Jan},
  publisher = {American Physical Society},
  doi = {10.1103/PhysRevB.99.014427},
  url = {https://link.aps.org/doi/10.1103/PhysRevB.99.014427}
}

@article{lin2022Evidence,
  title = {{Evidence for Spin Swapping in an Antiferromagnet}},
  author = {Lin, Weiwei and He, Jiaming and Ma, Bowen and Matzelle, Matthew and Xu, Jinsong and Freeland, John and Choi, Yongseong and Haskel, Daniel and Barbiellini, Bernardo and Bansil, Arun and Fiete, Gregory A. and Zhou, Jianshi and Chien, C. L.},
  year = {2022},
  month = jul,
  journal = {Nature Physics},
  volume = {18},
  number = {7},
  pages = {800--805},
  publisher = {Nature Publishing Group},
  issn = {1745-2481},
  doi = {10.1038/s41567-022-01608-w},
  url = {https://www.nature.com/articles/s41567-022-01608-w},
  urldate = {2024-07-25},
  copyright = {2022 The Author(s), under exclusive licence to Springer Nature Limited},
  langid = {english}
}

@article{wen2021epitaxial,
    author = {Wen, Fangdi and Wu, Tsung-Chi and Liu, Xiaoran and Terilli, Michael and Kareev, Mikhail and Chakhalian, Jak},
    title = "{Epitaxial stabilization of (111)-oriented frustrated quantum pyrochlore thin films}",
    journal = {Journal of Applied Physics},
    volume = {129},
    number = {2},
    pages = {025302},
    year = {2021},
    month = {01},
    issn = {0021-8979},
    doi = {10.1063/5.0035702},
    url = {https://doi.org/10.1063/5.0035702},
}

@article{zhang2021strain,
  title = {{Strain-Driven Dzyaloshinskii-Moriya Interaction for Room-Temperature Magnetic Skyrmions}},
  author = {Zhang, Yuelin and Liu, Jie and Dong, Yongqi and Wu, Shizhe and Zhang, Jianyu and Wang, Jie and Lu, Jingdi and R\"uckriegel, Andreas and Wang, Hanchen and Duine, Rembert and Yu, Haiming and Luo, Zhenlin and Shen, Ka and Zhang, Jinxing},
  journal = {Phys. Rev. Lett.},
  volume = {127},
  issue = {11},
  pages = {117204},
  numpages = {7},
  year = {2021},
  month = {Sep},
  publisher = {American Physical Society},
  doi = {10.1103/PhysRevLett.127.117204},
  url = {https://link.aps.org/doi/10.1103/PhysRevLett.127.117204}
}


@article{xu2022strain,
  title={{Strain-Tunable Interfacial Dzyaloshinskii--Moriya Interaction and Spin-Hall Topological Hall Effect }in \Ce{Pt}/\Ce{Tm3Fe5O12} {Heterostructures}},
  author={Xu, Zedong and Liu, Qi and Ji, Yanjiang and Li, Xiaowen and Li, Junxue and Wang, Junling and Chen, Lang},
  journal={ACS Applied Materials \& Interfaces},
  volume={14},
  number={14},
  pages={16791--16799},
  year={2022},
  publisher={ACS Publications},
  doi = {10.1021/acsami.1c22942},
  url = {https://pubs.acs.org/doi/10.1021/acsami.1c22942}
}

@article{nunez2014theory,
  title={Theory of the piezo-spintronic effect},
  author={N{\'u}{\~n}ez, {\'A}lvaro S},
  journal={Solid state communications},
  volume={198},
  pages={18--21},
  year={2014},
  publisher={Elsevier},
  doi = {10.1016/j.ssc.2013.10.018},
  url = {https://www.sciencedirect.com/science/article/pii/S0038109813004924}
}

@article{ulloa2017piezospintronic,
  title = {Piezospintronic effect in honeycomb antiferromagnets},
  author = {Ulloa, Camilo and Troncoso, Roberto E. and Bender, Scott A. and Duine, R. A. and Nunez, A. S.},
  journal = {Phys. Rev. B},
  volume = {96},
  issue = {10},
  pages = {104419},
  numpages = {5},
  year = {2017},
  month = {Sep},
  publisher = {American Physical Society},
  doi = {10.1103/PhysRevB.96.104419},
  url = {https://link.aps.org/doi/10.1103/PhysRevB.96.104419}
}


@article{liu2019antiferromagnetic,
  title={Antiferromagnetic piezospintronics},
  author={Liu, Zhiqi and Feng, Zexin and Yan, Han and Wang, Xiaoning and Zhou, Xiaorong and Qin, Peixin and Guo, Huixin and Yu, Ronghai and Jiang, Chengbao},
  journal={Advanced Electronic Materials},
  volume={5},
  number={7},
  pages={1900176},
  year={2019},
  publisher={Wiley Online Library},
  doi = {10.1002/aelm.201900176},
  url = {https://onlinelibrary.wiley.com/doi/abs/10.1002/aelm.201900176}
}


@article{ganesh2011quantum,
  title = {Quantum paramagnetic ground states on the honeycomb lattice and field-induced N\'eel order},
  author = {Ganesh, R. and Sheng, D. N. and Kim, Young-June and Paramekanti, A.},
  journal = {Phys. Rev. B},
  volume = {83},
  issue = {14},
  pages = {144414},
  numpages = {7},
  year = {2011},
  month = {Apr},
  publisher = {American Physical Society},
  doi = {10.1103/PhysRevB.83.144414},
  url = {https://link.aps.org/doi/10.1103/PhysRevB.83.144414}
}

@article{joshi2019Mathbb,
  title = {$\mathbb{Z}_2$ Topological Quantum Paramagnet on a Honeycomb Bilayer},
  author = {Joshi, Darshan G. and Schnyder, Andreas P.},
  year = {2019},
  month = jul,
  journal = {Physical Review B},
  volume = {100},
  number = {2},
  pages = {020407},
  publisher = {American Physical Society},
  doi = {10.1103/PhysRevB.100.020407},
  url = {https://link.aps.org/doi/10.1103/PhysRevB.100.020407},
  urldate = {2024-08-30}
}


@article{liu2020featureless,
  title = {Featureless quantum paramagnet with frustrated criticality and competing spiral magnetism on spin-1 honeycomb lattice magnet},
  author = {Liu, Jian Qiao and Li, Fei-Ye and Chen, Gang and Wang, Ziqiang},
  journal = {Phys. Rev. Res.},
  volume = {2},
  issue = {3},
  pages = {033260},
  numpages = {10},
  year = {2020},
  month = {Aug},
  publisher = {American Physical Society},
  doi = {10.1103/PhysRevResearch.2.033260},
  url = {https://link.aps.org/doi/10.1103/PhysRevResearch.2.033260}
}

@article{li2016weyl,
  title={Weyl magnons in breathing pyrochlore antiferromagnets},
  author={Li, Fei-Ye and Li, Yao-Dong and Kim, Yong Baek and Balents, Leon and Yu, Yue and Chen, Gang},
  journal={Nature communications},
  volume={7},
  number={1},
  pages={12691},
  year={2016},
  publisher={Nature Publishing Group UK London},
  doi = {10.1038/ncomms12691},
  url = {https://www.nature.com/articles/ncomms12691}
}

@article{hwang2020topological,
  title = {{Topological Magnons with Nodal-Line and Triple-Point Degeneracies: Implications for Thermal Hall Effect in Pyrochlore Iridates}},
  author = {Hwang, Kyusung and Trivedi, Nandini and Randeria, Mohit},
  journal = {Phys. Rev. Lett.},
  volume = {125},
  issue = {4},
  pages = {047203},
  numpages = {7},
  year = {2020},
  month = {Jul},
  publisher = {American Physical Society},
  doi = {10.1103/PhysRevLett.125.047203},
  url = {https://link.aps.org/doi/10.1103/PhysRevLett.125.047203}
}

@article{norman2016ColloquiumHerbertsmithite,
  title = {{Colloquium: Herbertsmithite and the Search for the Quantum Spin Liquid}},
  shorttitle = {Colloquium},
  author = {Norman, M. R.},
  year = {2016},
  month = dec,
  journal = {Reviews of Modern Physics},
  volume = {88},
  number = {4},
  pages = {041002},
  publisher = {American Physical Society},
  doi = {10.1103/RevModPhys.88.041002},
  url = {https://link.aps.org/doi/10.1103/RevModPhys.88.041002},
  urldate = {2024-07-02}
}

@article{brooks1997density,
  title = {{Density Functional Theory of Crystal Field Quasiparticle Excitations and the Ab Initio Calculation of Spin Hamiltonian Parameters}},
  author = {Brooks, M. S. S. and Eriksson, O. and Wills, J. M. and Johansson, B.},
  journal = {Phys. Rev. Lett.},
  volume = {79},
  issue = {13},
  pages = {2546--2549},
  numpages = {0},
  year = {1997},
  month = {Sep},
  publisher = {American Physical Society},
  doi = {10.1103/PhysRevLett.79.2546},
  url = {https://link.aps.org/doi/10.1103/PhysRevLett.79.2546}
}

@article{frick1986crystal,
  title={Crystal field spectroscopy by inelastic neutron scattering: I. Single ion properties},
  author={Frick, B and Loewenhaupt, M},
  journal={Zeitschrift f{\"u}r Physik B Condensed Matter},
  volume={63},
  number={2},
  pages={213--230},
  year={1986},
  publisher={Springer},
  doi = {10.1007/BF01309242},
  url = {https://link.springer.com/article/10.1007/BF01309242}
}

@article{zhang2014neutron,
  title ={ Neutron spectroscopic study of crystal field excitations in Tb$_2$Ti$_2$O$_7$ and Tb$_2$Sn$_2$O$_7$},
  author = {Zhang, J. and Fritsch, K. and Hao, Z. and Bagheri, B. V. and Gingras, M. J. P. and Granroth, G. E. and Jiramongkolchai, P. and Cava, R. J. and Gaulin, B. D.},
  journal = {Phys. Rev. B},
  volume = {89},
  issue = {13},
  pages = {134410},
  numpages = {11},
  year = {2014},
  month = {Apr},
  publisher = {American Physical Society},
  doi = {10.1103/PhysRevB.89.134410},
  url = {https://link.aps.org/doi/10.1103/PhysRevB.89.134410}
}

@article{schaack2007raman,
  title={{Raman scattering by crystal-field excitations}},
  author={Schaack, G},
  journal={Light Scattering in Solids VII: Crystal-Field and Magnetic Excitations},
  pages={24--173},
  year={2007},
  publisher={Springer},
  doi = {10.1007/BFb0103385},
  url = {https://link.springer.com/chapter/10.1007/BFb0103385}
}

@book{jensen1991rare,
  title={Rare earth magnetism: structures and excitations},
  author={Jensen, Jens and Mackintosh, Allan R},
  year={1991},
  publisher={Oxford University Press}
}

@article{ishikawa2017reversed,
  title={{Reversed Crystal-Field Splitting and Spin--Orbital Ordering in $\alpha$-Sr$_2$CrO$_4$}},
  author={Ishikawa, Takashi and Toriyama, Tatsuya and Konishi, Takehisa and Sakurai, Hiroya and Ohta, Yukinori},
  journal={Journal of the Physical Society of Japan},
  volume={86},
  number={3},
  pages={033701},
  year={2017},
  publisher={The Physical Society of Japan},
  doi = {10.7566/JPSJ.86.033701},
  url = {https://journals.jps.jp/doi/10.7566/JPSJ.86.033701}
}

@article{pinho2021impact,
  title={{Impact of epitaxial strain on crystal field splitting of $\alpha$-Cr$_2$O$_3$ (0001) thin films quantified by X-ray photoemission spectroscopy}},
  author={Pinho, P{\^a}mella Vasconcelos Borges and Chartier, Alain and Miserque, Fr{\'e}d{\'e}ric and Menut, Denis and Moussy, Jean-Baptiste},
  journal={Materials Research Letters},
  volume={9},
  number={4},
  pages={163--168},
  year={2021},
  publisher={Taylor \& Francis},
  doi = {10.1080/21663831.2020.1863877},
  url = {https://www.tandfonline.com/doi/full/10.1080/21663831.2020.1863877}
}

@article{go2019topological,
  title = {{Topological Magnon-Phonon Hybrid Excitations in Two-Dimensional Ferromagnets with Tunable Chern Numbers}},
  author = {Go, Gyungchoon and Kim, Se Kwon and Lee, Kyung-Jin},
  journal = {Phys. Rev. Lett.},
  volume = {123},
  issue = {23},
  pages = {237207},
  numpages = {7},
  year = {2019},
  month = {Dec},
  publisher = {American Physical Society},
  doi = {10.1103/PhysRevLett.123.237207},
  url = {https://link.aps.org/doi/10.1103/PhysRevLett.123.237207}
}

@article{park2019topological,
  title = {{Topological magnetoelastic excitations in noncollinear antiferromagnets}},
  author = {Park, Sungjoon and Yang, Bohm-Jung},
  journal = {Phys. Rev. B},
  volume = {99},
  issue = {17},
  pages = {174435},
  numpages = {18},
  year = {2019},
  month = {May},
  publisher = {American Physical Society},
  doi = {10.1103/PhysRevB.99.174435},
  url = {https://link.aps.org/doi/10.1103/PhysRevB.99.174435}
}

@article{uchida2008Observation,
  title = {Observation of the Spin Seebeck Effect},
  author = {Uchida, K. and Takahashi, S. and Harii, K. and Ieda, J. and Koshibae, W. and Ando, K. and Maekawa, S. and Saitoh, E.},
  date = {2008-10},
  journaltitle = {Nature},
  shortjournal = {Nature},
  volume = {455},
  number = {7214},
  pages = {778--781},
  issn = {0028-0836, 1476-4687},
  doi = {10.1038/nature07321},
  url = {https://www.nature.com/articles/nature07321},
  urldate = {2025-03-28},
  langid = {english}
}

@article{ma2022antiferromagnetic,
  title = {{Antiferromagnetic insulators with tunable magnon-polaron Chern numbers induced by in-plane optical phonons}},
  author = {Ma, Bowen and Fiete, Gregory A.},
  journal = {Phys. Rev. B},
  volume = {105},
  issue = {10},
  pages = {L100402},
  numpages = {6},
  year = {2022},
  month = {Mar},
  publisher = {American Physical Society},
  doi = {10.1103/PhysRevB.105.L100402},
  url = {https://link.aps.org/doi/10.1103/PhysRevB.105.L100402}
}

@article{ma2024Chiral,
  title = {Chiral Phonons Induced from Spin Dynamics via Magnetoelastic Anisotropy},
  author = {Ma, Bowen and Wang, Z. D. and v. Chen, Gang},
  year = {2024},
  month = dec,
  journal = {Physical Review Letters},
  volume = {133},
  number = {24},
  pages = {246604},
  publisher = {American Physical Society},
  doi = {10.1103/PhysRevLett.133.246604},
  url = {https://link.aps.org/doi/10.1103/PhysRevLett.133.246604},
  urldate = {2025-03-26}
}

@article{lujan2024spin,
  title={Spin--orbit exciton--induced phonon chirality in a quantum magnet},
  author={Lujan, David and Choe, Jeongheon and Chaudhary, Swati and Ye, Gaihua and Nnokwe, Cynthia and Rodriguez-Vega, Martin and He, Jiaming and Gao, Frank Y and Nunley, T Nathan and Baldini, Edoardo and others},
  journal={Proceedings of the National Academy of Sciences},
  volume={121},
  number={11},
  pages={e2304360121},
  year={2024},
  publisher={National Acad Sciences},
  doi = {10.1073/pnas.2304360121},
  url = {https://www.pnas.org/doi/full/10.1073/pnas.2304360121}
}

@article{chaudhary2024Giant,
  title = {Giant Effective Magnetic Moments of Chiral Phonons from Orbit-Lattice Coupling},
  author = {Chaudhary, Swati and Juraschek, Dominik M. and {Rodriguez-Vega}, Martin and Fiete, Gregory A.},
  year = {2024},
  month = sep,
  journal = {Physical Review B},
  volume = {110},
  number = {9},
  pages = {094401},
  publisher = {American Physical Society},
  doi = {10.1103/PhysRevB.110.094401},
  url = {https://link.aps.org/doi/10.1103/PhysRevB.110.094401},
  urldate = {2025-03-26}
}

@article{balents2010Spinb,
  title = {Spin Liquids in Frustrated Magnets},
  author = {Balents, Leon},
  year = {2010},
  month = mar,
  journal = {Nature},
  volume = {464},
  number = {7286},
  pages = {199--208},
  publisher = {Nature Publishing Group},
  issn = {1476-4687},
  doi = {10.1038/nature08917},
  url = {https://www.nature.com/articles/nature08917},
  urldate = {2025-03-21},
  copyright = {2010 Springer Nature Limited},
  langid = {english}
}

@article{haldane1983Continuum,
  title = {Continuum Dynamics of the 1-D Heisenberg Antiferromagnet: Identification with the O(3) Nonlinear Sigma Model},
  shorttitle = {Continuum Dynamics of the 1-D Heisenberg Antiferromagnet},
  author = {Haldane, F. D. M.},
  year = {1983},
  month = feb,
  journal = {Physics Letters A},
  volume = {93},
  number = {9},
  pages = {464--468},
  issn = {0375-9601},
  doi = {10.1016/0375-9601(83)90631-X},
  url = {https://www.sciencedirect.com/science/article/pii/037596018390631X},
  urldate = {2025-03-21}
}

@article{gardner2010Magnetic,
  title = {Magnetic Pyrochlore Oxides},
  author = {Gardner, Jason S. and Gingras, Michel J. P. and Greedan, John E.},
  year = {2010},
  month = jan,
  journal = {Reviews of Modern Physics},
  volume = {82},
  number = {1},
  pages = {53--107},
  publisher = {American Physical Society},
  doi = {10.1103/RevModPhys.82.53},
  url = {https://link.aps.org/doi/10.1103/RevModPhys.82.53},
  urldate = {2025-03-21}
}

@article{kitaev2006Anyons,
  title = {Anyons in an Exactly Solved Model and Beyond},
  author = {Kitaev, Alexei},
  year = {2006},
  month = jan,
  journal = {Annals of Physics},
  series = {January Special Issue},
  volume = {321},
  number = {1},
  pages = {2--111},
  issn = {0003-4916},
  doi = {10.1016/j.aop.2005.10.005},
  url = {https://www.sciencedirect.com/science/article/pii/S0003491605002381},
  urldate = {2025-03-21}
}

@article{moriya1960Anisotropic,
  title = {Anisotropic Superexchange Interaction and Weak Ferromagnetism},
  author = {Moriya, T{\^o}ru},
  year = {1960},
  month = oct,
  journal = {Physical Review},
  volume = {120},
  number = {1},
  pages = {91--98},
  publisher = {American Physical Society},
  doi = {10.1103/PhysRev.120.91},
  url = {https://link.aps.org/doi/10.1103/PhysRev.120.91},
  urldate = {2025-03-21}
}

@article{cheng2016Spina,
  title = {Spin Nernst Effect of Magnons in Collinear Antiferromagnets},
  author = {Cheng, Ran and Okamoto, Satoshi and Xiao, Di},
  date = {2016-11-15},
  journaltitle = {Physical Review Letters},
  shortjournal = {Phys. Rev. Lett.},
  volume = {117},
  number = {21},
  pages = {217202},
  publisher = {American Physical Society},
  doi = {10.1103/PhysRevLett.117.217202},
  url = {https://link.aps.org/doi/10.1103/PhysRevLett.117.217202},
  urldate = {2025-03-28}
}

@article{meyer2017Observationb,
  title = {Observation of the Spin Nernst Effect},
  author = {Meyer, S. and Chen, Y.-T. and Wimmer, S. and Althammer, M. and Wimmer, T. and Schlitz, R. and Geprägs, S. and Huebl, H. and Ködderitzsch, D. and Ebert, H. and Bauer, G. E. W. and Gross, R. and Goennenwein, S. T. B.},
  date = {2017-10},
  journaltitle = {Nature Materials},
  shortjournal = {Nature Mater},
  volume = {16},
  number = {10},
  pages = {977--981},
  publisher = {Nature Publishing Group},
  issn = {1476-4660},
  doi = {10.1038/nmat4964},
  url = {https://www.nature.com/articles/nmat4964},
  urldate = {2025-03-28},
  langid = {english}
}

@article{lu2024Spin,
  title = {Spin Nernst Effects of Linear Flavor-Waves in Quantum Paramagnets},
  author = {Lu, Bowen and Ma, Bowen and Yu, Yue and Chen, Gang},
  date = {2024-12-03},
  journaltitle = {Physical Review B},
  shortjournal = {Phys. Rev. B},
  volume = {110},
  number = {23},
  pages = {235109},
  issn = {2469-9950, 2469-9969},
  doi = {10.1103/PhysRevB.110.235109},
  url = {https://link.aps.org/doi/10.1103/PhysRevB.110.235109},
  urldate = {2025-03-28},
  langid = {english}
}

@article{sheng2017Spina,
  title = {The Spin Nernst Effect in Tungsten},
  author = {Sheng, Peng and Sakuraba, Yuya and Lau, Yong-Chang and Takahashi, Saburo and Mitani, Seiji and Hayashi, Masamitsu},
  date = {2017-11-03},
  journaltitle = {Science Advances},
  shortjournal = {Sci Adv},
  volume = {3},
  number = {11},
  eprint = {29119140},
  eprinttype = {pmid},
  pages = {e1701503},
  issn = {2375-2548},
  doi = {10.1126/sciadv.1701503},
  url = {https://www.ncbi.nlm.nih.gov/pmc/articles/PMC5669613/},
  urldate = {2025-03-28},
  pmcid = {PMC5669613}
}

@article{feringa2023Spin,
  title = {Spin Nernst Magnetoresistance for Magnetization Study of \$\{\textbackslash mathrm\{FePS\}\}\_\{3\}\$},
  author = {Feringa, F. and Vink, J. M. and family=Wees, given=B. J., prefix=van, useprefix=true},
  date = {2023-03-24},
  journaltitle = {Physical Review B},
  shortjournal = {Phys. Rev. B},
  volume = {107},
  number = {9},
  pages = {094428},
  publisher = {American Physical Society},
  doi = {10.1103/PhysRevB.107.094428},
  url = {https://link.aps.org/doi/10.1103/PhysRevB.107.094428},
  urldate = {2025-03-28}
}